<?xml version="1.0" encoding="UTF-8"?><collection xmlns="http://www.loc.gov/MARC21/slim"><record><leader>00493nam--2200181-i-4500</leader><controlfield tag="001">000016940</controlfield><controlfield tag="002">20161230</controlfield><controlfield tag="005">20161230201032</controlfield><controlfield tag="008">060222s1000------------r-----000-0-ger-d</controlfield><datafield ind1=" " ind2=" " tag="040"><subfield code="a">IFIN-HH</subfield></datafield><datafield ind1=" " ind2=" " tag="041"><subfield code="a">ger</subfield></datafield><datafield ind1=" " ind2=" " tag="080"><subfield code="a">524.728(043)</subfield></datafield><datafield ind1="1" ind2=" " tag="100"><subfield code="a">Burkert, Andreas</subfield></datafield><datafield ind1="1" ind2="0" tag="245"><subfield code="a">Entstehung und entwiclung von elliptischen und zwerggalaxien</subfield><subfield code="b">Dissertation</subfield><subfield code="c">Andreas burkert</subfield></datafield><datafield ind1=" " ind2=" " tag="260"><subfield code="a">Munchen</subfield><subfield code="b">Universitat</subfield><subfield code="c">1989</subfield></datafield><datafield ind1=" " ind2=" " tag="300"><subfield code="a">173 P</subfield></datafield><datafield ind1=" " ind2=" " tag="852"><subfield code="a">79236</subfield><subfield code="c">523</subfield></datafield><datafield ind1=" " ind2=" " tag="CAT"><subfield code="a">Sys</subfield><subfield code="c">20141209</subfield><subfield code="h">184756</subfield></datafield></record></collection>